<record><leader>00000cas a2200000 a 4500</leader><controlfield tag="001">12794131</controlfield><controlfield tag="008">851114d18881888ksudr ne      0    0eng d</controlfield><datafield ind1=" " ind2=" " tag="010"><subfield code="a">sn 85067143 </subfield></datafield><datafield ind1=" " ind2=" " tag="040"><subfield code="a">KSH</subfield><subfield code="b">eng</subfield><subfield code="c">KSH</subfield><subfield code="d">NPT</subfield><subfield code="d">OCL</subfield><subfield code="d">OCLCQ</subfield></datafield><datafield ind1=" " ind2=" " tag="042"><subfield code="a">msc</subfield></datafield><datafield ind1="0" ind2="0" tag="245"><subfield code="a">North Topeka evening news.</subfield></datafield><datafield ind1="1" ind2="3" tag="246"><subfield code="a">North Topeka news</subfield><subfield code="f">Jan. 14-&lt;Mar. 12, 1888&gt;</subfield></datafield><datafield ind1="1" ind2="3" tag="246"><subfield code="a">Topeka news</subfield><subfield code="f">&lt;Mar. 20-Dec. 21, 1888&gt;</subfield></datafield><datafield ind1=" " ind2=" " tag="260"><subfield code="a">North Topeka, Kan. :</subfield><subfield code="b">[s.n.],</subfield><subfield code="c">1888-</subfield></datafield><datafield ind1=" " ind2=" " tag="300"><subfield code="a">v. ;</subfield><subfield code="c">50 cm.</subfield></datafield><datafield ind1=" " ind2=" " tag="310"><subfield code="a">Daily (except Sunday)</subfield></datafield><datafield ind1="0" ind2=" " tag="362"><subfield code="a">Vol. 1, no. 1 (Jan. 4, 1888)-</subfield></datafield><datafield ind1="1" ind2=" " tag="362"><subfield code="a">Ceased in 1888?</subfield></datafield><datafield ind1=" " ind2=" " tag="500"><subfield code="a">Published by North Side Printing House, Jan. 12, 1888-</subfield></datafield><datafield ind1=" " ind2=" " tag="752"><subfield code="a">United States</subfield><subfield code="b">Kansas</subfield><subfield code="c">Shawnee</subfield><subfield code="d">Topeka.</subfield></datafield><datafield ind1="1" ind2=" " tag="029"><subfield code="a">AU@</subfield><subfield code="b">000022171173</subfield></datafield></record>